<?xml version="1.0" encoding="UTF-8"?>
<bib>
  <mms_id>990027507910302486</mms_id>
  <record_format>marc21</record_format>
  <linked_record_id/>
  <title>The Review of politics.</title>
  <author>Gurian, Waldemar,</author>
  <issn>0034-6705</issn>
  <network_numbers>
    <network_number>463780</network_number>
    <network_number>PITT NO. 6944400006</network_number>
    <network_number>Ulp No. 6908100006</network_number>
    <network_number>0631382</network_number>
    <network_number>(DOBI)30751540</network_number>
    <network_number>(OCoLC)01607479</network_number>
    <network_number>u1044587</network_number>
    <network_number>(Aleph)002750791EMU01</network_number>
  </network_numbers>
  <place_of_publication>Notre Dame, Ind. :</place_of_publication>
  <date_of_publication>1939</date_of_publication>
  <publisher_const>University of Notre Dame.</publisher_const>
  <holdings link="https://api-na.hosted.exlibrisgroup.com/almaws/v1/bibs/990027507910302486/holdings"/>
  <created_by>import</created_by>
  <created_date>2015-12-03Z</created_date>
  <last_modified_by>System</last_modified_by>
  <last_modified_date>2020-04-19Z</last_modified_date>
  <suppress_from_publishing>false</suppress_from_publishing>
  <suppress_from_external_search>false</suppress_from_external_search>
  <sync_with_oclc>NONE</sync_with_oclc>
  <sync_with_libraries_australia>NONE</sync_with_libraries_australia>
  <originating_system>OTHER</originating_system>
  <originating_system_id>002750791-EMU01</originating_system_id>
  <cataloging_level desc="Default Level">00</cataloging_level>
  <record>
    <leader>01629cas a2200517 4500</leader>
    <controlfield tag="001">990027507910302486</controlfield>
    <controlfield tag="005">20200419133806.0</controlfield>
    <controlfield tag="008">750907c19399999inuqr p 0 a0eng </controlfield>
    <datafield ind1=" " ind2=" " tag="010">
      <subfield code="a">40029523</subfield>
    </datafield>
    <datafield ind1=" " ind2=" " tag="022">
      <subfield code="a">0034-6705</subfield>
    </datafield>
    <datafield ind1=" " ind2=" " tag="035">
      <subfield code="a">(Aleph)002750791EMU01</subfield>
    </datafield>
    <datafield ind1="9" ind2=" " tag="035">
      <subfield code="a">u1044587</subfield>
    </datafield>
    <datafield ind1=" " ind2=" " tag="035">
      <subfield code="a">(OCoLC)01607479</subfield>
    </datafield>
    <datafield ind1=" " ind2=" " tag="035">
      <subfield code="a">(DOBI)30751540</subfield>
    </datafield>
    <datafield ind1=" " ind2=" " tag="035">
      <subfield code="a">0631382</subfield>
      <subfield code="b">MULS</subfield>
      <subfield code="a">Ulp No. 6908100006</subfield>
      <subfield code="a">PITT NO. 6944400006</subfield>
      <subfield code="a">463780</subfield>
      <subfield code="b">USPS</subfield>
    </datafield>
    <datafield ind1=" " ind2=" " tag="040">
      <subfield code="a">MUL</subfield>
      <subfield code="c">MUL</subfield>
      <subfield code="d">COO</subfield>
      <subfield code="d">NSD</subfield>
      <subfield code="d">DLC</subfield>
      <subfield code="d">NSD</subfield>
      <subfield code="d">m.c.</subfield>
      <subfield code="d">NSD</subfield>
      <subfield code="d">EMU</subfield>
      <subfield code="d">UtOrBLW</subfield>
    </datafield>
    <datafield ind1=" " ind2=" " tag="042">
      <subfield code="a">nsdp</subfield>
      <subfield code="a">lc</subfield>
    </datafield>
    <datafield ind1=" " ind2=" " tag="049">
      <subfield code="a">EMUX</subfield>
    </datafield>
    <datafield ind1=" " ind2="0" tag="050">
      <subfield code="a">JA1</subfield>
      <subfield code="b">.R4</subfield>
    </datafield>
    <datafield ind1="0" ind2=" " tag="082">
      <subfield code="a">320.5</subfield>
    </datafield>
    <datafield ind1="0" ind2=" " tag="210">
      <subfield code="a">Rev. polit.</subfield>
    </datafield>
    <datafield ind1=" " ind2="4" tag="222">
      <subfield code="a">The Review of politics.</subfield>
    </datafield>
    <datafield ind1="0" ind2="4" tag="245">
      <subfield code="a">The Review of politics.</subfield>
    </datafield>
    <datafield ind1=" " ind2="1" tag="264">
      <subfield code="a">Notre Dame, Ind. :</subfield>
      <subfield code="b">University of Notre Dame.</subfield>
    </datafield>
    <datafield ind1=" " ind2=" " tag="300">
      <subfield code="a">volumes ;</subfield>
      <subfield code="c">23 cm</subfield>
    </datafield>
    <datafield ind1=" " ind2=" " tag="336">
      <subfield code="a">text</subfield>
      <subfield code="b">txt</subfield>
      <subfield code="2">rdacontent</subfield>
    </datafield>
    <datafield ind1=" " ind2=" " tag="337">
      <subfield code="a">unmediated</subfield>
      <subfield code="b">n</subfield>
      <subfield code="2">rdamedia</subfield>
    </datafield>
    <datafield ind1=" " ind2=" " tag="338">
      <subfield code="a">volume</subfield>
      <subfield code="b">nc</subfield>
      <subfield code="2">rdacarrier</subfield>
    </datafield>
    <datafield ind1="0" ind2=" " tag="362">
      <subfield code="a">v. 1- Jan. 1939-</subfield>
    </datafield>
    <datafield ind1=" " ind2=" " tag="500">
      <subfield code="a">Editor: Jan. 1939-<Oct. 1939> W. Gurian.</subfield>
    </datafield>
    <datafield ind1=" " ind2=" " tag="510">
      <subfield code="a">Social sciences & humanities index</subfield>
      <subfield code="x">0037-7899</subfield>
    </datafield>
    <datafield ind1=" " ind2=" " tag="510">
      <subfield code="a">Public affairs information service</subfield>
    </datafield>
    <datafield ind1=" " ind2=" " tag="520">
      <subfield code="a">Includes section "Book reviews".</subfield>
    </datafield>
    <datafield ind1=" " ind2="0" tag="650">
      <subfield code="a">Political science</subfield>
      <subfield code="v">Periodicals.</subfield>
    </datafield>
    <datafield ind1=" " ind2="0" tag="650">
      <subfield code="a">World politics</subfield>
      <subfield code="v">Periodicals.</subfield>
    </datafield>
    <datafield ind1="1" ind2=" " tag="700">
      <subfield code="a">Gurian, Waldemar,</subfield>
      <subfield code="d">1902-1954.</subfield>
    </datafield>
    <datafield ind1="2" ind2=" " tag="710">
      <subfield code="a">University of Notre Dame.</subfield>
    </datafield>
    <datafield ind1=" " ind2=" " tag="910">
      <subfield code="a">RDA ENRICHED</subfield>
    </datafield>
    <datafield ind1=" " ind2=" " tag="910">
      <subfield code="a">verified 5/96. recon 2</subfield>
    </datafield>
    <datafield ind1=" " ind2=" " tag="910">
      <subfield code="a">emulhr</subfield>
    </datafield>
    <datafield ind1=" " ind2=" " tag="910">
      <subfield code="a">MARS</subfield>
    </datafield>
    <datafield ind1=" " ind2=" " tag="936">
      <subfield code="a">Jan.-Oct. 1939; Oct. 1975 (surrogate)</subfield>
    </datafield>
    <datafield ind1=" " ind2=" " tag="940">
      <subfield code="a">COVID19</subfield>
    </datafield>
    <datafield ind1=" " ind2=" " tag="945">
      <subfield code="a">9DT</subfield>
      <subfield code="2">19940531</subfield>
    </datafield>
    <datafield ind1=" " ind2=" " tag="949">
      <subfield code="a">000020159311</subfield>
      <subfield code="b">EMU</subfield>
      <subfield code="c">wg</subfield>
      <subfield code="d">JA1 .R4</subfield>
      <subfield code="t">p</subfield>
    </datafield>
    <datafield ind1=" " ind2="0" tag="966">
      <subfield code="a">GENERAL HAS: v.1- (1939-)</subfield>
    </datafield>
    <datafield ind1=" " ind2=" " tag="INT">
      <subfield code="a">P</subfield>
    </datafield>
    <datafield ind1=" " ind2=" " tag="INST">
      <subfield code="a">01GALI_EMORY</subfield>
    </datafield>
    <datafield ind1=" " ind2=" " tag="AVA">
      <subfield code="0">990027507910302486</subfield>
      <subfield code="8">22319997630002486</subfield>
      <subfield code="a">01GALI_EMORY</subfield>
      <subfield code="b">LSC</subfield>
      <subfield code="c">
      </subfield>
      <subfield code="d">JA1 .R4</subfield>
      <subfield code="e">available</subfield>
      <subfield code="f">7</subfield>
      <subfield code="g">0</subfield>
      <subfield code="v">from:69 2007 until:75 2013 </subfield>
      <subfield code="j">USTORJ</subfield>
      <subfield code="k">0</subfield>
      <subfield code="p">1</subfield>
      <subfield code="q">Library Service Center</subfield>
    </datafield>
    <datafield ind1=" " ind2=" " tag="AVA">
      <subfield code="0">990027507910302486</subfield>
      <subfield code="8">22311186980002486</subfield>
      <subfield code="a">01GALI_EMORY</subfield>
      <subfield code="b">UNIV</subfield>
      <subfield code="c">Book Stacks</subfield>
      <subfield code="d">JA1 .R4</subfield>
      <subfield code="e">available</subfield>
      <subfield code="f">3</subfield>
      <subfield code="g">0</subfield>
      <subfield code="v">from:76 2014 until:78 2016 </subfield>
      <subfield code="j">STACK</subfield>
      <subfield code="k">0</subfield>
      <subfield code="p">2</subfield>
      <subfield code="q">Robert W. Woodruff Library</subfield>
    </datafield>
    <datafield ind1=" " ind2=" " tag="AVA">
      <subfield code="0">990027507910302486</subfield>
      <subfield code="8">22236301230002486</subfield>
      <subfield code="a">01GALI_EMORY</subfield>
      <subfield code="b">UNIV</subfield>
      <subfield code="c">Current Periodicals</subfield>
      <subfield code="d">JA1 .R4</subfield>
      <subfield code="e">check_holdings</subfield>
      <subfield code="j">CPER</subfield>
      <subfield code="k">0</subfield>
      <subfield code="p">3</subfield>
      <subfield code="q">Robert W. Woodruff Library</subfield>
    </datafield>
  </record>
  <requests>0</requests>
</bib>
